INANCE:BTCUSDT","t":1775509994552,"v":0.0003}],"type":"trade"}'
{"data":[{"c":null,"p":69706.77,"s":"BINANCE:BTCUSDT","t":1775509993756,"v":0.00029},{"c":null,"p":69706.77,"s":"BINANCE:BTCUSDT","t":1775509993773,"v":0.0003},{"c":null,"p":69706.77,"s":"BINANCE:BTCUSDT","t":1775509993789,"v":0.00029},{"c":null,"p":69706.77,"s":"BINANCE:BTCUSDT","t":1775509993806,"v":0.00029},{"c":null,"p":69706.77,"s":"BINANCE:BTCUSDT","t":1775509993823,"v":0.0003},{"c":null,"p":69706.77,"s":"BINANCE:BTCUSDT","t":1775509993838,"v":0.0003},{"c":null,"p":69706.77,"s":"BINANCE:BTCUSDT","t":1775509993853,"v":0.00029},{"c":null,"p":69706.77,"s":"BINANCE:BTCUSDT","t":1775509993869,"v":0.00029},{"c":null,"p":69706.77,"s":"BINANCE:BTCUSDT","t":1775509993884,"v":0.00029},{"c":null,"p":69706.77,"s":"BINANCE:BTCUSDT","t":1775509993899,"v":0.0003},{"c":null,"p":69706.77,"s":"BINANCE:BTCUSDT","t":1775509993943,"v":0.00029},{"c":null,"p":69706.77,"s":"BINANCE:BTCUSDT","t":1775509993960,"v":0.00029},{"c":null,"p":69706.77,"s":"BINANCE:BTCUSDT","t":1775509993981,"v":0.0003},{"c":null,"p":69706.77,"s":"BINANCE:BTCUSDT","t":1775509993997,"v":0.00029},{"c":null,"p":69706.77,"s":"BINANCE:BTCUSDT","t":1775509994011,"v":0.00029},{"c":null,"p":69706.77,"s":"BINANCE:BTCUSDT","t":1775509994026,"v":0.0003},{"c":null,"p":69706.77,"s":"BINANCE:BTCUSDT","t":1775509994041,"v":0.0003},{"c":null,"p":69706.77,"s":"BINANCE:BTCUSDT","t":1775509994057,"v":0.00029},{"c":null,"p":69706.77,"s":"BINANCE:BTCUSDT","t":1775509994072,"v":0.0003},{"c":null,"p":69706.77,"s":"BINANCE:BTCUSDT","t":1775509994086,"v":0.0003},{"c":null,"p":69706.77,"s":"BINANCE:BTCUSDT","t":1775509994101,"v":0.0003},{"c":null,"p":69706.77,"s":"BINANCE:BTCUSDT","t":1775509994117,"v":0.0003},{"c":null,"p":69706.77,"s":"BINANCE:BTCUSDT","t":1775509994133,"v":0.0003},{"c":null,"p":69706.77,"s":"BINANCE:BTCUSDT","t":1775509994147,"v":0.0003},{"c":null,"p":69706.77,"s":"BINANCE:BTCUSDT","t":1775509994161,"v":0.0003},{"c":null,"p":69706.77,"s":"BINANCE:BTCUSDT","t":1775509994176,"v":0.00029},{"c":null,"p":69706.77,"s":"BINANCE:BTCUSDT","t":1775509994192,"v":0.00029},{"c":null,"p":69706.77,"s":"BINANCE:BTCUSDT","t":1775509994207,"v":0.0003},{"c":null,"p":69706.77,"s":"BINANCE:BTCUSDT","t":1775509994225,"v":0.00029},{"c":null,"p":69706.77,"s":"BINANCE:BTCUSDT","t":1775509994241,"v":0.0003},{"c":null,"p":69706.77,"s":"BINANCE:BTCUSDT","t":1775509994259,"v":0.0003},{"c":null,"p":69706.77,"s":"BINANCE:BTCUSDT","t":1775509994273,"v":0.00029},{"c":null,"p":69706.77,"s":"BINANCE:BTCUSDT","t":1775509994287,"v":0.0003},{"c":null,"p":69706.77,"s":"BINANCE:BTCUSDT","t":1775509994302,"v":0.0003},{"c":null,"p":69706.77,"s":"BINANCE:BTCUSDT","t":1775509994321,"v":0.0003},{"c":null,"p":69706.77,"s":"BINANCE:BTCUSDT","t":1775509994337,"v":0.0003},{"c":null,"p":69706.77,"s":"BINANCE:BTCUSDT","t":1775509994352,"v":0.00029},{"c":null,"p":69706.77,"s":"BINANCE:BTCUSDT","t":1775509994365,"v":0.0003},{"c":null,"p":69706.77,"s":"BINANCE:BTCUSDT","t":1775509994381,"v":0.0003},{"c":null,"p":69706.77,"s":"BINANCE:BTCUSDT","t":1775509994398,"v":0.0003},{"c":null,"p":69706.77,"s":"BINANCE:BTCUSDT","t":1775509994413,"v":0.00029},{"c":null,"p":69706.77,"s":"BINANCE:BTCUSDT","t":1775509994427,"v":0.0003},{"c":null,"p":69706.77,"s":"BINANCE:BTCUSDT","t":1775509994441,"v":0.00029},{"c":null,"p":69706.77,"s":"BINANCE:BTCUSDT","t":1775509994458,"v":0.0003},{"c":null,"p":69706.77,"s":"BINANCE:BTCUSDT","t":1775509994474,"v":0.0003},{"c":null,"p":69706.77,"s":"BINANCE:BTCUSDT","t":1775509994489,"v":0.0003},{"c":null,"p":69706.77,"s":"BINANCE:BTCUSDT","t":1775509994505,"v":0.00029},{"c":null,"p":69706.77,"s":"BINANCE:BTCUSDT","t":1775509994522,"v":0.00029},{"c":null,"p":69706.77,"s":"BINANCE:BTCUSDT","t":1775509994537,"v":0.0003},{"c":null,"p":69706.77,"s":"BINANCE:BTCUSDT","t":1775509994552,"v":0.0003}],"type":"trade"}
++Rcv raw: b'\x81~\x03\xa2{"data":[{"c":null,"p":69706.77,"s":"BINANCE:BTCUSDT","t":1775509994568,"v":0.0003},{"c":null,"p":69706.77,"s":"BINANCE:BTCUSDT","t":1775509994582,"v":0.0003},{"c":null,"p":69706.77,"s":"BINANCE:BTCUSDT","t":1775509994600,"v":0.00029},{"c":null,"p":69706.77,"s":"BINANCE:BTCUSDT","t":1775509994618,"v":0.0003},{"c":null,"p":69706.77,"s":"BINANCE:BTCUSDT","t":1775509994634,"v":0.0003},{"c":null,"p":69706.77,"s":"BINANCE:BTCUSDT","t":1775509994653,"v":0.00029},{"c":null,"p":69706.77,"s":"BINANCE:BTCUSDT","t":1775509994669,"v":0.0003},{"c":null,"p":69706.77,"s":"BINANCE:BTCUSDT","t":1775509994681,"v":0.00029},{"c":null,"p":69706.77,"s":"BINANCE:BTCUSDT","t":1775509994912,"v":0.0003},{"c":null,"p":69706.77,"s":"BINANCE:BTCUSDT","t":1775509994928,"v":0.0003},{"c":null,"p":69706.77,"s":"BINANCE:BTCUSDT","t":1775509994914,"v":0.00048},{"c":null,"p":69706.77,"s":"BINANCE:BTCUSDT","t":1775509994943,"v":0.00029}],"type":"trade"}'
++Rcv decoded: fin=1 opcode=1 data=b'{"data":[{"c":null,"p":69706.77,"s":"BINANCE:BTCUSDT","t":1775509994568,"v":0.0003},{"c":null,"p":69706.77,"s":"BINANCE:BTCUSDT","t":1775509994582,"v":0.0003},{"c":null,"p":69706.77,"s":"BINANCE:BTCUSDT","t":1775509994600,"v":0.00029},{"c":null,"p":69706.77,"s":"BINANCE:BTCUSDT","t":1775509994618,"v":0.0003},{"c":null,"p":69706.77,"s":"BINANCE:BTCUSDT","t":1775509994634,"v":0.0003},{"c":null,"p":69706.77,"s":"BINANCE:BTCUSDT","t":1775509994653,"v":0.00029},{"c":null,"p":69706.77,"s":"BINANCE:BTCUSDT","t":1775509994669,"v":0.0003},{"c":null,"p":69706.77,"s":"BINANCE:BTCUSDT","t":1775509994681,"v":0.00029},{"c":null,"p":69706.77,"s":"BINANCE:BTCUSDT","t":1775509994912,"v":0.0003},{"c":null,"p":69706.77,"s":"BINANCE:BTCUSDT","t":1775509994928,"v":0.0003},{"c":null,"p":69706.77,"s":"BINANCE:BTCUSDT","t":1775509994914,"v":0.00048},{"c":null,"p":69706.77,"s":"BINANCE:BTCUSDT","t":1775509994943,"v":0.00029}],"type":"trade"}'
{"data":[{"c":null,"p":69706.77,"s":"BINANCE:BTCUSDT","t":1775509994568,"v":0.0003},{"c":null,"p":69706.77,"s":"BINANCE:BTCUSDT","t":1775509994582,"v":0.0003},{"c":null,"p":69706.77,"s":"BINANCE:BTCUSDT","t":1775509994600,"v":0.00029},{"c":null,"p":69706.77,"s":"BINANCE:BTCUSDT","t":1775509994618,"v":0.0003},{"c":null,"p":69706.77,"s":"BINANCE:BTCUSDT","t":1775509994634,"v":0.0003},{"c":null,"p":69706.77,"s":"BINANCE:BTCUSDT","t":1775509994653,"v":0.00029},{"c":null,"p":69706.77,"s":"BINANCE:BTCUSDT","t":1775509994669,"v":0.0003},{"c":null,"p":69706.77,"s":"BINANCE:BTCUSDT","t":1775509994681,"v":0.00029},{"c":null,"p":69706.77,"s":"BINANCE:BTCUSDT","t":1775509994912,"v":0.0003},{"c":null,"p":69706.77,"s":"BINANCE:BTCUSDT","t":1775509994928,"v":0.0003},{"c":null,"p":69706.77,"s":"BINANCE:BTCUSDT","t":1775509994914,"v":0.00048},{"c":null,"p":69706.77,"s":"BINANCE:BTCUSDT","t":1775509994943,"v":0.00029}],"type":"trade"}
++Rcv raw: b'\x81d{"data":[{"c":null,"p":69706.77,"s":"BINANCE:BTCUSDT","t":1775509994959,"v":0.0003}],"type":"trade"}'
++Rcv decoded: fin=1 opcode=1 data=b'{"data":[{"c":null,"p":69706.77,"s":"BINANCE:BTCUSDT","t":1775509994959,"v":0.0003}],"type":"trade"}'
{"data":[{"c":null,"p":69706.77,"s":"BINANCE:BTCUSDT","t":1775509994959,"v":0.0003}],"type":"trade"}
++Rcv raw: b'\x81~\x0b\x9c{"data":[{"c":null,"p":69706.77,"s":"BINANCE:BTCUSDT","t":1775509994976,"v":0.00024},{"c":null,"p":69706.77,"s":"BINANCE:BTCUSDT","t":1775509994977,"v":0.0003},{"c":null,"p":69706.77,"s":"BINANCE:BTCUSDT","t":1775509994990,"v":0.0003},{"c":null,"p":69706.77,"s":"BINANCE:BTCUSDT","t":1775509995006,"v":0.00029},{"c":null,"p":69706.77,"s":"BINANCE:BTCUSDT","t":1775509994696,"v":0.00029},{"c":null,"p":69706.77,"s":"BINANCE:BTCUSDT","t":1775509994713,"v":0.0003},{"c":null,"p":69706.77,"s":"BINANCE:BTCUSDT","t":1775509994729,"v":0.00029},{"c":null,"p":69706.77,"s":"BINANCE:BTCUSDT","t":1775509995022,"v":0.00029},{"c":null,"p":69706.77,"s":"BINANCE:BTCUSDT","t":1775509994735,"v":0.00046},{"c":null,"p":69706.77,"s":"BINANCE:BTCUSDT","t":1775509994735,"v":0.00008},{"c":null,"p":69706.77,"s":"BINANCE:BTCUSDT","t":1775509994735,"v":0.00008},{"c":null,"p":69706.77,"s":"BINANCE:BTCUSDT","t":1775509994735,"v":0.00044},{"c":null,"p":69706.77,"s":"BINANCE:BTCUSDT","t":1775509994744,"v":0.0003},{"c":null,"p":69706.77,"s":"BINANCE:BTCUSDT","t":1775509995039,"v":0.0003},{"c":null,"p":69706.77,"s":"BINANCE:BTCUSDT","t":1775509995053,"v":0.00029},{"c":null,"p":69706.77,"s":"BINANCE:BTCUSDT","t":1775509994759,"v":0.0003},{"c":null,"p":69706.77,"s":"BINANCE:BTCUSDT","t":1775509994775,"v":0.00029},{"c":null,"p":69706.77,"s":"BINANCE:BTCUSDT","t":1775509994791,"v":0.00029},{"c":null,"p":69706.77,"s":"BINANCE:BTCUSDT","t":1775509994806,"v":0.0003},{"c":null,"p":69706.77,"s":"BINANCE:BTCUSDT","t":1775509994822,"v":0.0003},{"c":null,"p":69706.77,"s":"BINANCE:BTCUSDT","t":1775509994837,"v":0.00029},{"c":null,"p":69706.77,"s":"BINANCE:BTCUSDT","t":1775509994851,"v":0.00029},{"c":null,"p":69706.77,"s":"BINANCE:BTCUSDT","t":1775509994867,"v":0.00029},{"c":null,"p":69706.77,"s":"BINANCE:BTCUSDT","t":1775509994882,"v":0.0003},{"c":null,"p":69706.77,"s":"BINANCE:BTCUSDT","t":1775509994897,"v":0.00029},{"c":null,"p":69706.77,"s":"BINANCE:BTCUSDT","t":1775509995068,"v":0.00029},{"c":null,"p":69706.77,"s":"BINANCE:BTCUSDT","t":1775509995083,"v":0.0003},{"c":null,"p":69706.77,"s":"BINANCE:BTCUSDT","t":1775509995097,"v":0.0003},{"c":null,"p":69706.77,"s":"BINANCE:BTCUSDT","t":1775509995111,"v":0.0003},{"c":null,"p":69706.77,"s":"BINANCE:BTCUSDT","t":1775509995126,"v":0.0003},{"c":null,"p":69706.77,"s":"BINANCE:BTCUSDT","t":1775509995140,"v":0.00029},{"c":null,"p":69706.77,"s":"BINANCE:BTCUSDT","t":1775509995156,"v":0.0003},{"c":null,"p":69706.77,"s":"BINANCE:BTCUSDT","t":1775509995172,"v":0.0003},{"c":null,"p":69706.77,"s":"BINANCE:BTCUSDT","t":1775509995188,"v":0.0003},{"c":null,"p":69706.77,"s":"BINANCE:BTCUSDT","t":1775509995202,"v":0.00029},{"c":null,"p":69706.77,"s":"BINANCE:BTCUSDT","t":1775509995218,"v":0.00029},{"c":null,"p":69706.77,"s":"BINANCE:BTCUSDT","t":1775509995233,"v":0.0003},{"c":null,"p":69706.78,"s":"BINANCE:BTCUSDT","t":1775509995285,"v":0.00017},{"c":null,"p":69706.78,"s":"BINANCE:BTCUSDT","t":1775509995285,"v":0.00017}],"type":"trade"}'
++Rcv decoded: fin=1 opcode=1 data=b'{"data":[{"c":null,"p":69706.77,"s":"BINANCE:BTCUSDT","t":1775509994976,"v":0.00024},{"c":null,"p":69706.77,"s":"BINANCE:BTCUSDT","t":1775509994977,"v":0.0003},{"c":null,"p":69706.77,"s":"BINANCE:BTCUSDT","t":1775509994990,"v":0.0003},{"c":null,"p":69706.77,"s":"BINANCE:BTCUSDT","t":1775509995006,"v":0.00029},{"c":null,"p":69706.77,"s":"BINANCE:BTCUSDT","t":1775509994696,"v":0.00029},{"c":null,"p":69706.77,"s":"BINANCE:BTCUSDT","t":1775509994713,"v":0.0003},{"c":null,"p":69706.77,"s":"BINANCE:BTCUSDT","t":1775509994729,"v":0.00029},{"c":null,"p":69706.77,"s":"BINANCE:BTCUSDT","t":1775509995022,"v":0.00029},{"c":null,"p":69706.77,"s":"BINANCE:BTCUSDT","t":1775509994735,"v":0.00046},{"c":null,"p":69706.77,"s":"BINANCE:BTCUSDT","t":1775509994735,"v":0.00008},{"c":null,"p":69706.77,"s":"BINANCE:BTCUSDT","t":1775509994735,"v":0.00008},{"c":null,"p":69706.77,"s":"BINANCE:BTCUSDT","t":1775509994735,"v":0.00044},{"c":null,"p":69706.77,"s":"BINANCE:BTCUSDT","t":1775509994744,"v":0.0003},{"c":null,"p":69706.77,"s":"BINANCE:BTCUSDT","t":1775509995039,"v":0.0003},{"c":null,"p":69706.77,"s":"BINANCE:BTCUSDT","t":1775509995053,"v":0.00029},{"c":null,"p":69706.77,"s":"BINANCE:BTCUSDT","t":1775509994759,"v":0.0003},{"c":null,"p":69706.77,"s":"BINANCE:BTCUSDT","t":1775509994775,"v":0.00029},{"c":null,"p":69706.77,"s":"BINANCE:BTCUSDT","t":1775509994791,"v":0.00029},{"c":null,"p":69706.77,"s":"BINANCE:BTCUSDT","t":1775509994806,"v":0.0003},{"c":null,"p":69706.77,"s":"BINANCE:BTCUSDT","t":1775509994822,"v":0.0003},{"c":null,"p":69706.77,"s":"BINANCE:BTCUSDT","t":1775509994837,"v":0.00029},{"c":null,"p":69706.77,"s":"BINANCE:BTCUSDT","t":1775509994851,"v":0.00029},{"c":null,"p":69706.77,"s":"BINANCE:BTCUSDT","t":1775509994867,"v":0.00029},{"c":null,"p":69706.77,"s":"BINANCE:BTCUSDT","t":1775509994882,"v":0.0003},{"c":null,"p":69706.77,"s":"BINANCE:BTCUSDT","t":1775509994897,"v":0.00029},{"c":null,"p":69706.77,"s":"BINANCE:BTCUSDT","t":1775509995068,"v":0.00029},{"c":null,"p":69706.77,"s":"BINANCE:BTCUSDT","t":1775509995083,"v":0.0003},{"c":null,"p":69706.77,"s":"BINANCE:BTCUSDT","t":1775509995097,"v":0.0003},{"c":null,"p":69706.77,"s":"BINANCE:BTCUSDT","t":1775509995111,"v":0.0003},{"c":null,"p":69706.77,"s":"BINANCE:BTCUSDT","t":1775509995126,"v":0.0003},{"c":null,"p":69706.77,"s":"BINANCE:BTCUSDT","t":1775509995140,"v":0.00029},{"c":null,"p":69706.77,"s":"BINANCE:BTCUSDT","t":1775509995156,"v":0.0003},{"c":null,"p":69706.77,"s":"BINANCE:BTCUSDT","t":1775509995172,"v":0.0003},{"c":null,"p":69706.77,"s":"BINANCE:BTCUSDT","t":1775509995188,"v":0.0003},{"c":null,"p":69706.77,"s":"BINANCE:BTCUSDT","t":1775509995202,"v":0.00029},{"c":null,"p":69706.77,"s":"BINANCE:BTCUSDT","t":1775509995218,"v":0.00029},{"c":null,"p":69706.77,"s":"BINANCE:BTCUSDT","t":1775509995233,"v":0.0003},{"c":null,"p":69706.78,"s":"BINANCE:BTCUSDT","t":1775509995285,"v":0.00017},{"c":null,"p":69706.78,"s":"BINANCE:BTCUSDT","t":1775509995285,"v":0.00017}],"type":"trade"}'
{"data":[{"c":null,"p":69706.77,"s":"BINANCE:BTCUSDT","t":1775509994976,"v":0.00024},{"c":null,"p":69706.77,"s":"BINANCE:BTCUSDT","t":1775509994977,"v":0.0003},{"c":null,"p":69706.77,"s":"BINANCE:BTCUSDT","t":1775509994990,"v":0.0003},{"c":null,"p":69706.77,"s":"BINANCE:BTCUSDT","t":1775509995006,"v":0.00029},{"c":null,"p":69706.77,"s":"BINANCE:BTCUSDT","t":1775509994696,"v":0.00029},{"c":null,"p":69706.77,"s":"BINANCE:BTCUSDT","t":1775509994713,"v":0.0003},{"c":null,"p":69706.77,"s":"BINANCE:BTCUSDT","t":1775509994729,"v":0.00029},{"c":null,"p":69706.77,"s":"BINANCE:BTCUSDT","t":1775509995022,"v":0.00029},{"c":null,"p":69706.77,"s":"BINANCE:BTCUSDT","t":1775509994735,"v":0.00046},{"c":null,"p":69706.77,"s":"BINANCE:BTCUSDT","t":1775509994735,"v":0.00008},{"c":null,"p":69706.77,"s":"BINANCE:BTCUSDT","t":1775509994735,"v":0.00008},{"c":null,"p":69706.77,"s":"BINANCE:BTCUSDT","t":1775509994735,"v":0.00044},{"c":null,"p":69706.77,"s":"BINANCE:BTCUSDT","t":1775509994744,"v":0.0003},{"c":null,"p":69706.77,"s":"BINANCE:BTCUSDT","t":1775509995039,"v":0.0003},{"c":null,"p":69706.77,"s":"BINANCE:BTCUSDT","t":1775509995053,"v":0.00029},{"c":null,"p":69706.77,"s":"BINANCE:BTCUSDT","t":1775509994759,"v":0.0003},{"c":null,"p":69706.77,"s":"BINANCE:BTCUSDT","t":1775509994775,"v":0.00029},{"c":null,"p":69706.77,"s":"BINANCE:BTCUSDT","t":1775509994791,"v":0.00029},{"c":null,"p":69706.77,"s":"BINANCE:BTCUSDT","t":1775509994806,"v":0.0003},{"c":null,"p":69706.77,"s":"BINANCE:BTCUSDT","t":1775509994822,"v":0.0003},{"c":null,"p":69706.77,"s":"BINANCE:BTCUSDT","t":1775509994837,"v":0.00029},{"c":null,"p":69706.77,"s":"BINANCE:BTCUSDT","t":1775509994851,"v":0.00029},{"c":null,"p":69706.77,"s":"BINANCE:BTCUSDT","t":1775509994867,"v":0.00029},{"c":null,"p":69706.77,"s":"BINANCE:BTCUSDT","t":1775509994882,"v":0.0003},{"c":null,"p":69706.77,"s":"BINANCE:BTCUSDT","t":1775509994897,"v":0.00029},{"c":null,"p":69706.77,"s":"BINANCE:BTCUSDT","t":1775509995068,"v":0.00029},{"c":null,"p":69706.77,"s":"BINANCE:BTCUSDT","t":1775509995083,"v":0.0003},{"c":null,"p":69706.77,"s":"BINANCE:BTCUSDT","t":1775509995097,"v":0.0003},{"c":null,"p":69706.77,"s":"BINANCE:BTCUSDT","t":1775509995111,"v":0.0003},{"c":null,"p":69706.77,"s":"BINANCE:BTCUSDT","t":1775509995126,"v":0.0003},{"c":null,"p":69706.77,"s":"BINANCE:BTCUSDT","t":1775509995140,"v":0.00029},{"c":null,"p":69706.77,"s":"BINANCE:BTCUSDT","t":1775509995156,"v":0.0003},{"c":null,"p":69706.77,"s":"BINANCE:BTCUSDT","t":1775509995172,"v":0.0003},{"c":null,"p":69706.77,"s":"BINANCE:BTCUSDT","t":1775509995188,"v":0.0003},{"c":null,"p":69706.77,"s":"BINANCE:BTCUSDT","t":1775509995202,"v":0.00029},{"c":null,"p":69706.77,"s":"BINANCE:BTCUSDT","t":1775509995218,"v":0.00029},{"c":null,"p":69706.77,"s":"BINANCE:BTCUSDT","t":1775509995233,"v":0.0003},{"c":null,"p":69706.78,"s":"BINANCE:BTCUSDT","t":1775509995285,"v":0.00017},{"c":null,"p":69706.78,"s":"BINANCE:BTCUSDT","t":1775509995285,"v":0.00017}],"type":"trade"}
++Rcv raw: b'\x81~\x00\xf4{"data":[{"c":null,"p":1.154215,"s":"IC MARKETS:1","t":1775509996163,"v":0},{"c":null,"p":69706.77,"s":"BINANCE:BTCUSDT","t":1775509996194,"v":0.00029},{"c":null,"p":69706.77,"s":"BINANCE:BTCUSDT","t":1775509997232,"v":0.00034}],"type":"trade"}'
++Rcv decoded: fin=1 opcode=1 data=b'{"data":[{"c":null,"p":1.154215,"s":"IC MARKETS:1","t":1775509996163,"v":0},{"c":null,"p":69706.77,"s":"BINANCE:BTCUSDT","t":1775509996194,"v":0.00029},{"c":null,"p":69706.77,"s":"BINANCE:BTCUSDT","t":1775509997232,"v":0.00034}],"type":"trade"}'
{"data":[{"c":null,"p":1.154215,"s":"IC MARKETS:1","t":1775509996163,"v":0},{"c":null,"p":69706.77,"s":"BINANCE:BTCUSDT","t":1775509996194,"v":0.00029},{"c":null,"p":69706.77,"s":"BINANCE:BTCUSDT","t":1775509997232,"v":0.00034}],"type":"trade"}
^C
++Sent raw: b'\x88\x82\x1d6\xb9\xb4\x1e\xde'
++Sent decoded: fin=1 opcode=8 data=b'\x03\xe8'